<record xmlns="http://www.loc.gov/MARC21/slim" xmlns:xsi="http://www.w3.org/2001/XMLSchema-instance" xsi:schemaLocation="http://www.loc.gov/MARC21/slim http://www.loc.gov/standards/marcxml/schema/MARC21slim.xsd"><leader>01723nam a2200373   4500</leader><controlfield tag="001">001685851</controlfield><controlfield tag="003">NNU</controlfield><controlfield tag="006">m        d        </controlfield><controlfield tag="007">cr cn |||m|||a</controlfield><controlfield tag="008">140707s1962    iq      ob    000 0aara d</controlfield><datafield ind1=" " ind2=" " tag="040"><subfield code="a">NNU</subfield><subfield code="b">eng</subfield><subfield code="c">NNU</subfield></datafield><datafield ind1="0" ind2=" " tag="050"><subfield code="a">PJ7755.T8</subfield><subfield code="b">L3 (Orien Arab)</subfield></datafield><datafield ind1=" " ind2=" " tag="066"><subfield code="c">(3</subfield></datafield><datafield ind1=" " ind2=" " tag="090"><subfield code="a">PJ7755.T8</subfield><subfield code="b">L3</subfield></datafield><datafield ind1="1" ind2=" " tag="100"><subfield code="6">880-01</subfield><subfield code="a">&#7788;ughr&#257;&#700;&#299;, al-&#7716;usayn ibn &#699;Al&#299;,</subfield><subfield code="d">1061 or 2-1121?</subfield></datafield><datafield ind1="1" ind2="0" tag="240"><subfield code="6">880-02</subfield><subfield code="a">L&#257;m&#299;yat al-&#699;Ajam</subfield></datafield><datafield ind1="1" ind2="0" tag="245"><subfield code="6">880-03</subfield><subfield code="a">L&#257;m&#299;yat al-&#7788;ughr&#257;&#700;&#299;</subfield><subfield code="h">[electronic resource] /</subfield><subfield code="c">[ta&#7717;q&#299;q] &#699;Al&#299; Jaw&#257;d al-&#7788;&#257;hir.</subfield></datafield><datafield ind1=" " ind2=" " tag="260"><subfield code="6">880-04</subfield><subfield code="a">Baghd&#257;d :</subfield><subfield code="b">Ma&#7789;ba&#699;at al-&#699;&#256;n&#299;,</subfield><subfield code="c">[1962]</subfield></datafield><datafield ind1=" " ind2=" " tag="300"><subfield code="a">online resource (61 p.)</subfield></datafield><datafield ind1=" " ind2=" " tag="500"><subfield code="a">At head of title: &#699;Al&#299; Jaw&#257;d al-&#7788;&#257;hir.</subfield></datafield><datafield ind1=" " ind2=" " tag="500"><subfield code="a">Part of the Arabic Collections Online (ACO) project, contributed by New York Univeristy Libraries.</subfield></datafield><datafield ind1=" " ind2=" " tag="504"><subfield code="a">Includes bibliographical references (p. 57-60)</subfield></datafield><datafield ind1=" " ind2=" " tag="533"><subfield code="a">Electronic reproduction.</subfield><subfield code="b">New York, N.Y. :</subfield><subfield code="c">New York University,</subfield><subfield code="d">2014.</subfield><subfield code="5">NNU</subfield></datafield><datafield ind1="1" ind2=" " tag="700"><subfield code="6">880-05</subfield><subfield code="a">&#7788;&#257;hir, &#699;Al&#299; Jaw&#257;d</subfield></datafield><datafield ind1="2" ind2=" " tag="710"><subfield code="a">New York University.</subfield><subfield code="b">Libraries.</subfield></datafield><datafield ind1="0" ind2=" " tag="730"><subfield code="a">Arabic Collections Online.</subfield></datafield><datafield ind1="0" ind2="8" tag="776"><subfield code="i">Print version:</subfield><subfield code="a">&#7788;ughr&#257;&#700;&#299;, al-&#7716;usayn ibn &#699;Al&#299;, 1061 or 2-1121? 880-01</subfield><subfield code="t">L&#257;m&#299;yat al-&#7788;ughr&#257;&#700;&#299;</subfield><subfield code="w">(NNU)001685851</subfield><subfield code="w">(DLC)ne 63000528</subfield></datafield><datafield ind1="4" ind2="0" tag="856"><subfield code="u">http://hdl.handle.net/2333.1/brv15gmp</subfield></datafield><datafield ind1="1" ind2=" " tag="880"><subfield code="6">100-01/</subfield><subfield code="a">&#1591;&#1594;&#1585;&#1575;&#1574;&#1610;&#1548; &#1575;&#1604;&#1581;&#1587;&#1610;&#1606; &#1576;&#1606; &#1593;&#1604;&#1610;.</subfield></datafield><datafield ind1="1" ind2="0" tag="880"><subfield code="6">240-02/</subfield><subfield code="a">&#1604;&#1575;&#1605;&#1610;&#1577; &#1575;&#1604;&#1593;&#1580;&#1605;</subfield></datafield><datafield ind1="1" ind2="0" tag="880"><subfield code="6">245-03/</subfield><subfield code="a">&#1604;&#1575;&#1605;&#1610;&#1577; &#1575;&#1604;&#1591;&#1594;&#1585;&#1575;&#1574;&#1610; /</subfield><subfield code="c">[&#1578;&#1581;&#1602;&#1610;&#1602;[ &#1593;&#1604;&#1610; &#1580;&#1608;&#1575;&#1583; &#1575;&#1604;&#1591;&#1575;&#1607;&#1585;.</subfield></datafield><datafield ind1=" " ind2=" " tag="880"><subfield code="6">260-04/</subfield><subfield code="a">&#1576;&#1594;&#1583;&#1575;&#1583; :</subfield><subfield code="b">&#1605;&#1591;&#1576;&#1593;&#1577; &#1575;&#1604;&#1593;&#1575;&#1606;&#1610;&#1548;</subfield><subfield code="c">[1962]</subfield></datafield><datafield ind1="1" ind2=" " tag="880"><subfield code="6">700-05/</subfield><subfield code="a">&#1591;&#1575;&#1607;&#1585;&#1548; &#1593;&#1604;&#1610; &#1580;&#1608;&#1575;&#1583;.</subfield></datafield><datafield ind1=" " ind2=" " tag="959"><subfield code="a">NNU</subfield><subfield code="b">WEB</subfield><subfield code="c">GENI</subfield><subfield code="t">0</subfield><subfield code="m">Electronic access</subfield><subfield code="s">01</subfield></datafield></record>